001  0000242
005  20180926164617.068
008  170905s||||     bl|||||||||||||||||por|u
020    $a9788573340419
040    $aPorto Alegre$bpor
080    $21997$a784.75
090    $a784.75$bI64s
110 0  $aInstituto do Patrimônio Histórico e Artístico Nacional
245 00 $aSamba de Roda do Recôncavo Baiano
260    $aBrasília$bIphan$c2006
300    $a216 p.
490 0  $aDossiê Iphan $v4
650    $aPatrimônio Imaterial
650    $aMúsica
650    $aViola de samba
650    $aPatrimônio Cultural
650    $aSamba de roda
